@article{Khalek:2018mdn,
      author         = "Khalek, Rabah Abdul and Bailey, Shaun and Gao, Jun and
                        Harland-Lang, Lucian and Rojo, Juan",
      title          = "{Towards Ultimate Parton Distributions at the
                        High-Luminosity LHC}",
      year           = "2018",
      eprint         = "1810.03639",
      archivePrefix  = "arXiv",
      primaryClass   = "hep-ph",
      reportNumber   = "Nikhef/2018-041",
      SLACcitation   = "%%CITATION = ARXIV:1810.03639;%%"
}